%% This BibTeX bibliography file was created using BibDesk.
%% https://bibdesk.sourceforge.io/

%% Created for Marco Piangerelli at 2019-09-30 12:48:04 +0200 


%% Saved with string encoding Unicode (UTF-8) 

@online{Rule_based,
	Title = {Performing Rule Based Attack Using Hashcat},
	Url = {https://www.armourinfosec.com/performing-rule-based-attack-using-hashcat/},
}

@online{Mask_attack,
	Title = {How to Perform a Mask Attack Using hashcat	},
	Url = {https://www.4armed.com/blog/perform-mask-attack-hashcat/},
}

@online{Offline_attack,
	Author = {Matt Miller},
	Title = {What’s The Difference Between Offline And Online Password Attacks?},
	Url = {https://www.triaxiomsecurity.com/whats-the-difference-between-offline-and-online-password-attacks/},
}

@online{Rainbow_table_attack,
	Title = {Rainbow Table Password Attack - Che cos'è e come proteggersi da esso},
	Url = {https://www.cyclonis.com/it/rainbow-table-password-attack-che-cose-e-come-proteggersi-da-esso/},
}

@online{Dictionary_attack,
	Title = {Attacco Dizionario e Forza Bruta},
	Url = {https://hackerstribe.com/vocabolario/attacco-dizionario-e-forza-bruta/},
}

@online{Brute_attack,
	Author = {Ruth Matthews},
	Title = {Che cos’è un attacco brute force?},
	Url = {https://nordvpn.com/it/blog/attacco-brute-force/},
}

@online{Brute_attack2,
	Title = {Che cos’è un attacco brute force?Cos'è un attacco di forza bruta?},
	Url = {https://www.kaspersky.it/resource-center/definitions/brute-force-attack},
}

@online{hash,
	Title = {FUNZIONI HASH},
	Url = {http://www.di-srv.unisa.it/~ads/corso-security/www/CORSO-0304/PAROS/hash.htm},
}

@online{hashcat,
	Title = {hashcat},
	Url = {https://hashcat.net/wiki/doku.php?id=hashcat},
}

@online{John_The_Ripper,
	Title = {John the Ripper password cracker},
	Url = {https://www.openwall.com/john/},
}

@book{hashcrack,
	Author = {Netmux},
	Date = {2019},
	Publisher = {Amazon Italia Logistica S.r.l.},
	Title = {HASH CRACK password cracking manual},
	ISBN = {9781793458612}
}

@online{CRUNCH,
	Title = {crunch Package Description	},
	Url = {https://tools.kali.org/password-attacks/crunch},
}

@online{CREDDUMP,
	Title = {creddump},
	Url = {https://github.com/moyix/creddump},
}

@online{MIMIKATZ,
	Title = {MIMIKATZ},
	Url = {https://github.com/gentilkiwi/mimikatz},
}


@online{ProcDump,
	Title = {ProcDump V10.0},
	Url = {https://docs.microsoft.com/en-us/sysinternals/downloads/procdump},
}

